% Put you own bibliography entries in this file

%DataSetsAndSimulation

@article{Aad:2014kra,
      author         = "{ATLAS Collaboration}",
      title          = "{Search for top squark pair production in final states
                        with one isolated lepton, jets, and missing transverse
                        momentum in $\sqrt s =$8 TeV $pp$ collisions with the
                        ATLAS detector}",
      collaboration  = "ATLAS",
      journal        = "JHEP",
      volume         = "11",
      year           = "2014",
      pages          = "118",
      doi            = "10.1007/JHEP11(2014)118",
      eprint         = "1407.0583",
      archivePrefix  = "arXiv",
      primaryClass   = "hep-ex",
      reportNumber   = "CERN-PH-EP-2014-143",
      SLACcitation   = "%%CITATION = ARXIV:1407.0583;%%"
}
@article{Beenakker:2001rj,
      author         = "Beenakker, W. and Dittmaier, S. and Kramer, M. and
                        Plumper, B. and Spira, M. and Zerwas, P. M.",
      title          = "{Higgs radiation off top quarks at the Tevatron and the
                        LHC}",
      journal        = "Phys.~Rev.~Lett.",
      volume         = "87",
      year           = "2001",
      pages          = "201805",
      doi            = "10.1103/PhysRevLett.87.201805",
      eprint         = "hep-ph/0107081",
      archivePrefix  = "arXiv",
      primaryClass   = "hep-ph",
      reportNumber   = "DESY-01-077, EDINBURGH-2001-08, PSI-PR-01-10",
      SLACcitation   = "%%CITATION = HEP-PH/0107081;%%"
}
@article{Beenakker:2002nc,
      author         = "Beenakker, W. and Dittmaier, S. and Kramer, M. and
                        Plumper, B. and Spira, M. and Zerwas, P. M.",
      title          = "{NLO QCD corrections to t anti-t H production in hadron
                        collisions}",
      journal        = "Nucl.~Phys.~B",
      volume         = "653",
      year           = "2003",
      pages          = "151",
      doi            = "10.1016/S0550-3213(03)00044-0",
      eprint         = "hep-ph/0211352",
      archivePrefix  = "arXiv",
      primaryClass   = "hep-ph",
      reportNumber   = "DESY-02-177, EDINBURGH-2002-18, MPI-PHT-2002-70,
                        PSI-PR-02-22",
      SLACcitation   = "%%CITATION = HEP-PH/0211352;%%"
}
@article{Dawson:2002tg,
      author         = "Dawson, S. and Orr, L. H. and Reina, L. and Wackeroth,
                        D.",
      title          = "{Associated top quark Higgs boson production at the LHC}",
      journal        = "Phys.~Rev.~D",
      volume         = "67",
      year           = "2003",
      pages          = "071503",
      doi            = "10.1103/PhysRevD.67.071503",
      eprint         = "hep-ph/0211438",
      archivePrefix  = "arXiv",
      primaryClass   = "hep-ph",
      reportNumber   = "BNL-HET-02-27A, FSU-HEP-2002-1115, UB-HET-02-09",
      SLACcitation   = "%%CITATION = HEP-PH/0211438;%%"
}
@article{Dawson:2003zu,
      author         = "Dawson, S. and Jackson, C. and Orr, L. H. and Reina, L.
                        and Wackeroth, D.",
      title          = "{Associated Higgs production with top quarks at the large
                        hadron collider: NLO QCD corrections}",
      journal        = "Phys.~Rev.~D",
      volume         = "68",
      year           = "2003",
      pages          = "034022",
      doi            = "10.1103/PhysRevD.68.034022",
      eprint         = "hep-ph/0305087",
      archivePrefix  = "arXiv",
      primaryClass   = "hep-ph",
      reportNumber   = "BNL-HET-03-9, FSU-HEP-2003-0503, UB-HET-03-02",
      SLACcitation   = "%%CITATION = HEP-PH/0305087;%%"
}
@article{Yu:2014cka,
      author         = "Zhang, Yu and Ma, Wen-Gan and Zhang, Ren-You and Chen,
                        Chong and Guo, Lei",
      title          = "{QCD NLO and EW NLO corrections to $t\bar{t}H$ production
                        with top quark decays at hadron collider}",
      journal        = "Phys.~Lett.~B",
      volume         = "738",
      year           = "2014",
      pages          = "1",
      doi            = "10.1016/j.physletb.2014.09.022",
      eprint         = "1407.1110",
      archivePrefix  = "arXiv",
      primaryClass   = "hep-ph",
      SLACcitation   = "%%CITATION = ARXIV:1407.1110;%%"
}
@article{Frixione:2014qaa,
      author         = "Frixione, S. and Hirschi, V. and Pagani, D. and Shao, H.
                        S. and Zaro, M.",
      title          = "{Weak corrections to Higgs hadroproduction in association
                        with a top-quark pair}",
      journal        = "JHEP",
      volume         = "09",
      year           = "2014",
      pages          = "065",
      doi            = "10.1007/JHEP09(2014)065",
      eprint         = "1407.0823",
      archivePrefix  = "arXiv",
      primaryClass   = "hep-ph",
      reportNumber   = "CERN-PH-TH-2014-123, CP3-14-49",
      SLACcitation   = "%%CITATION = ARXIV:1407.0823;%%"
}
@article{Frixione:2015zaa,
      author         = "Frixione, S. and Hirschi, V. and Pagani, D. and Shao, H.-S. and Zaro, M.",
      title          = "{Electroweak and QCD corrections to top-pair
                        hadroproduction in association with heavy bosons}",
      journal        = "JHEP",
      volume         = "06",
      year           = "2015",
      pages          = "184",
      doi            = "10.1007/JHEP06(2015)184",
      eprint         = "1504.03446",
      archivePrefix  = "arXiv",
      primaryClass   = "hep-ph",
      reportNumber   = "CERN-PH-TH-2015-083, CP3-15-10, LPN15-022,
                        SLAC-PUB-16253",
      SLACcitation   = "%%CITATION = ARXIV:1504.03446;%%"
}
@article{Heinemeyer:2013tqa,
 archiveprefix = {arXiv},
 author = {Heinemeyer, S. and others},
 collaboration = {LHC Higgs Cross Section Working Group},
 doi = {10.5170/CERN-2013-004},
 OPTeditor = {Heinemeyer, S},
 eprint = {1307.1347},
 primaryclass = {hep-ph},
 reportnumber = {CERN-2013-004},
 slaccitation = {%%CITATION = ARXIV:1307.1347;%%},
 title = {Handbook of LHC Higgs Cross Sections: 3. Higgs
Properties},
 year = {2013}
}
@article{Alwall:2014hca,
 archiveprefix = {arXiv},
 author = {Alwall, J. and others},
 doi = {10.1007/JHEP07(2014)079},
 eprint = {1405.0301},
 journal = {JHEP},
 pages = {079},
 primaryclass = {hep-ph},
 reportnumber = {CERN-PH-TH-2014-064, CP3-14-18, LPN14-066, MCNET-14-09, ZU-TH-14-14},
 slaccitation = {%%CITATION = ARXIV:1405.0301;%%},
 title = {The automated computation of tree-level and
next-to-leading order differential cross sections, and
their matching to parton shower simulations},
 volume = {07},
 year = {2014},
}

@article{Agostinelli:2002hh,
      author         = "Agostinelli, S. and others",
      title          = "{GEANT4: A Simulation toolkit}",
      collaboration  = "GEANT4",
      journal        = "Nucl. Instrum. Meth.",
      volume         = "A506",
      year           = "2003",
      pages          = "250-303",
      doi            = "10.1016/S0168-9002(03)01368-8",
      reportNumber   = "SLAC-PUB-9350, FERMILAB-PUB-03-339",
      SLACcitation   = "%%CITATION = NUIMA,A506,250;%%"
}

@article{Frixione:2007vw,
      author         = "Frixione, Stefano and Nason, Paolo and Oleari, Carlo",
      title          = "{Matching NLO QCD computations with Parton Shower
                        simulations: the POWHEG method}",
      journal        = "JHEP",
      volume         = "11",
      year           = "2007",
      pages          = "070",
      doi            = "10.1088/1126-6708/2007/11/070",
      eprint         = "0709.2092",
      archivePrefix  = "arXiv",
      primaryClass   = "hep-ph",
      reportNumber   = "BICOCCA-FT-07-9, GEF-TH-21-2007",
      SLACcitation   = "%%CITATION = ARXIV:0709.2092;%%"
}

@article{Nason:2004rx,
      author         = "Nason, Paolo",
      title          = "{A New method for combining NLO QCD with shower Monte
                        Carlo algorithms}",
      journal        = "JHEP",
      volume         = "11",
      year           = "2004",
      pages          = "040",
      doi            = "10.1088/1126-6708/2004/11/040",
      eprint         = "hep-ph/0409146",
      archivePrefix  = "arXiv",
      primaryClass   = "hep-ph",
      reportNumber   = "BICOCCA-FT-04-11",
      SLACcitation   = "%%CITATION = HEP-PH/0409146;%%"
}

@article{Frixione:2007nw,
      author         = "Frixione, Stefano and Nason, Paolo and Ridolfi, Giovanni",
      title          = "{A Positive-weight next-to-leading-order Monte Carlo for
                        heavy flavour hadroproduction}",
      journal        = "JHEP",
      volume         = "09",
      year           = "2007",
      pages          = "126",
      doi            = "10.1088/1126-6708/2007/09/126",
      eprint         = "0707.3088",
      archivePrefix  = "arXiv",
      primaryClass   = "hep-ph",
      reportNumber   = "BICOCCA-FT-07-12, GEF-TH-19-2007",
      SLACcitation   = "%%CITATION = ARXIV:0707.3088;%%"
}

@article{Lai:2010vv,
      author         = "Lai, Hung-Liang and Guzzi, Marco and Huston, Joey and Li,
                        Zhao and Nadolsky, Pavel M. and Pumplin, Jon and Yuan, C.
                        -P.",
      title          = "{New parton distributions for collider physics}",
      journal        = "Phys. Rev.",
      volume         = "D82",
      year           = "2010",
      pages          = "074024",
      doi            = "10.1103/PhysRevD.82.074024",
      eprint         = "1007.2241",
      archivePrefix  = "arXiv",
      primaryClass   = "hep-ph",
      reportNumber   = "MSUHEP-100707, SMU-HEP-10-10",
      SLACcitation   = "%%CITATION = ARXIV:1007.2241;%%"
}

@article{Sjostrand:2006za,
      author         = "Sjostrand, Torbjorn and Mrenna, Stephen and Skands, Peter
                        Z.",
      title          = "{PYTHIA 6.4 Physics and Manual}",
      journal        = "JHEP",
      volume         = "05",
      year           = "2006",
      pages          = "026",
      doi            = "10.1088/1126-6708/2006/05/026",
      eprint         = "hep-ph/0603175",
      archivePrefix  = "arXiv",
      primaryClass   = "hep-ph",
      reportNumber   = "FERMILAB-PUB-06-052-CD-T, LU-TP-06-13",
      SLACcitation   = "%%CITATION = HEP-PH/0603175;%%"
}

@article{Skands:2010ak,
      author         = "Skands, Peter Zeiler",
      title          = "{Tuning Monte Carlo Generators: The Perugia Tunes}",
      journal        = "Phys. Rev.",
      volume         = "D82",
      year           = "2010",
      pages          = "074018",
      doi            = "10.1103/PhysRevD.82.074018",
      eprint         = "1005.3457",
      archivePrefix  = "arXiv",
      primaryClass   = "hep-ph",
      reportNumber   = "MCNET-10-08, CERN-PH-TH-2010-113",
      SLACcitation   = "%%CITATION = ARXIV:1005.3457;%%"
}

@article{Pumplin:2002vw,
      author         = "Pumplin, J. and Stump, D. R. and Huston, J. and Lai, H.
                        L. and Nadolsky, Pavel M. and Tung, W. K.",
      title          = "{New generation of parton distributions with
                        uncertainties from global QCD analysis}",
      journal        = "JHEP",
      volume         = "07",
      year           = "2002",
      pages          = "012",
      doi            = "10.1088/1126-6708/2002/07/012",
      eprint         = "hep-ph/0201195",
      archivePrefix  = "arXiv",
      primaryClass   = "hep-ph",
      reportNumber   = "MSU-HEP-011101",
      SLACcitation   = "%%CITATION = HEP-PH/0201195;%%"
}


@article{CFK_talk,
  title         = "{Charge Flip Tagger, ATLAS egamma workshop 2016}",
  number = "https://indico.cern.ch/event/567645/contributions/2349785",
  year = 2016
}


@article{CFK_twiki,
  title         = "{Charge Flip Tagger Twiki}",
  number = "https://twiki.cern.ch/twiki/bin/view/AtlasProtected/ElectronChargeFlipTaggerTool",
  year = 2016
}

%PromptLeptonIso internal note
@techreport{Ospanov:2220954,
      author        = "Ospanov, Rustem and Roberts, Rhys Thomas and Wyatt, Terry
                       Richard",
      title         = "{Tagging non-prompt electrons and muons}",
      institution   = "CERN",
      address       = "Geneva",
      number        = "ATL-COM-PHYS-2016-1444",
      month         = "Oct",
      year          = "2016",
      reportNumber  = "ATL-COM-PHYS-2016-1444",
      url           = "https://cds.cern.ch/record/2220954",
}

%object selection

@article{TriggerSF_Docu,
  title         = "{TrigGlobalEfficiencyCorrectionTool Twiki}",
  number = "https://twiki.cern.ch/twiki/bin/view/Sandbox/JulienMaurerSandbox",
  year = 2017
}

@article{Aad:2016jkr,
      author         = "{ATLAS Collaboration}",
      title          = "{Muon reconstruction performance of the ATLAS detector in
                        proton–proton collision data at $\sqrt{s}$ = 13 TeV}",
      OPTcollaboration  = "ATLAS",
      journal        = "Eur.~Phys.~J.~C",
      volume         = "76",
      year           = "2016",
      number         = "5",
      pages          = "292",
      doi            = "10.1140/epjc/s10052-016-4120-y",
      eprint         = "1603.05598",
      archivePrefix  = "arXiv",
      primaryClass   = "hep-ex",
      reportNumber   = "CERN-EP-2016-033",
      SLACcitation   = "%%CITATION = ARXIV:1603.05598;%%"
}

@Article{Cacciari:2005hq,
     author    = "Cacciari, Matteo and Salam, Gavin P.",
     title     = "{Dispelling the $N^{3}$ myth for the $k_t$ jet-finder}",
     journal   = "Phys. Lett. B",
     volume    = "641",
     year      = "2006",
     pages     = "57-61",
     eprint    = "hep-ph/0512210",
     archivePrefix = "arXiv",
     doi       = "10.1016/j.physletb.2006.08.037",
     SLACcitation  = "%%CITATION = HEP-PH/0512210;%%"
}


%Intro

@article{tthbb,
      title          = "{Search for the Standard Model Higgs boson produced in
                        association with top quarks and decaying into $b\bar{b}$
                        in pp collisions at $\sqrt{s}$ = 8 TeV with the ATLAS
                        detector}",
      collaboration  = "ATLAS",
      author         = "{ATLAS Collaboration}",
      year           = "2015",
      eprint         = "1503.05066",
      archivePrefix  = "arXiv",
      primaryClass   = "hep-ex",
      reportNumber   = "CERN-PH-EP-2015-047",
      journal        = "Eur.~Phys.~J.~C",
      volume = "75",
      pages = "349",
      doi            = "10.1140/epjc/s10052-015-3543-1",

}

@article{2014tthdiph,
 archiveprefix = {arXiv},
 author = "{ATLAS Collaboration}",
 eprint = {1409.3122},
 journal = {Phys. Lett. B},
 pages = {222},
 primaryclass = {hep-ex},
 title = {Search for $H\rightarrow \gamma \gamma$ produced in
association with top quarks and constraints on the Yukawa coupling between the top quark and the Higgs boson using data taken at 7 TeV and 8 TeV with the ATLAS detector},
 volume = {740},
 year = {2015},
 doi = {10.1016/j.physletb.2014.11.049}
}

@article{ATLAS:2016iqc,
      author         = "The ATLAS collaboration",
      title          = "{Electron efficiency measurements with the ATLAS detector
                        using the 2015 LHC proton-proton collision data}",
      collaboration  = "ATLAS",
      year           = "2016",
      reportNumber   = "ATLAS-CONF-2016-024",
      SLACcitation   = "%%CITATION = ATLAS-CONF-2016-024;%%"
}

@techreport{DeVivieDeRegie:2256658,
      author        = "J-B. De Vivie De Regie et al.",
      title         = "{ATLAS electron, photon and muon isolation in Run 2: The
                       isolation variables reconstruction and performance for Run
                       2 are documented.}",
      institution   = "CERN",
      address       = "Geneva",
      number        = "ATL-COM-PHYS-2017-290",
      month         = "Mar",
      year          = "2017",
      reportNumber  = "ATL-COM-PHYS-2017-290",
      url           = "https://cds.cern.ch/record/2256658",
      note          = "This note contains the Moriond 2017 recommendations. It
                       will be updated when new recommendations become available.",
}

@article{xgboost,
  author    = {Tianqi Chen and
               Carlos Guestrin},
  title     = {XGBoost: {A} Scalable Tree Boosting System},
  journal   = {CoRR},
  volume    = {abs/1603.02754},
  year      = {2016},
  url       = {http://arxiv.org/abs/1603.02754},
  timestamp = {Sat, 02 Apr 2016 11:49:48 +0200},
  biburl    = {http://dblp.uni-trier.de/rec/bib/journals/corr/ChenG16},
  bibsource = {dblp computer science bibliography, http://dblp.org}
}

@article{Dannheim2009717,
title = "PDE-Foam: A probability density estimation method using self-adapting phase-space binning ",
journal = "Nuclear Instruments and Methods in Physics Research Section A: Accelerators, Spectrometers, Detectors and Associated Equipment ",
volume = "606",
number = "3",
pages = "717 - 727",
year = "2009",
note = "",
issn = "0168-9002",
doi = "http://doi.org/10.1016/j.nima.2009.05.028",
url = "http://www.sciencedirect.com/science/article/pii/S0168900209009450",
author = "Dominik Dannheim and Alexander Voigt and Karl-Johan Grahn and Peter Speckmayer and Tancredi Carli",
keywords = "Multi-variate discrimination technique",
keywords = "Probability density estimation",
keywords = "Self-adapting phase-space binning ",
}

@article{ttHFitter_Autobin,
 title  = "Autobinning of distribution in ttHFitter",
 biburl = "https://indico.cern.ch/event/455289/contributions/1953694/attachments/1209081/1762963/Calvet_binning_Htop_160108.pdf",
 year   = 2016
}

@Booklet{ATLAS-COM-PHYS-2016-1620,
    author         = "{G. D'amen et al.}",
    title          = "{Search for direct top squark pair production in events with a $Z$ or a Higgs boson $b$-jets and missing transverse momentum in $\sqrt{s}$=13 TeV $pp$ collisions with the ATLAS detector}",
    howpublished   = "{ATLAS-COM-PHYS-2016-1620}",
    url            = "http://cdsweb.cern.ch/record/2231829",
    year           = "2016",
}

@Booklet{CMS-PAS-HIG-17-004,
    author         = "{CMS Collaboration}",
    title          = "{Search for Higgs boson production in association with top quarks in multilepton final states at $\sqrt{s}$=13 TeV $pp$}",
    howpublished   = "{CMS-PAS-HIG-17-004}",
    url            = "https://cds.cern.ch/record/2256103",
    year           = "2016",
}

@Booklet{ATLAS-COM-PHYS-2016-1616,
    author         = "{B. Abbott et al.}",
    title          = "{Search for strongly-produced superpartners in final states with same-sign or three leptons and jets in 2015+2016 pp
collisions data at $\sqrt{s}$=13 TeV}",
    howpublished   = "{ATLAS-COM-PHYS-2016-1616}",
    url            = "http://cdsweb.cern.ch/record/2231789",
    year           = "2016",
}

@article{Aaboud:2017pjd,
      author         = "{ATLAS Collaboration}",
      title          = "{Study of the material of the ATLAS inner detector for Run 2 of the LHC}",
      collaboration  = "ATLAS",
      year           = "2017",
      eprint         = "1707.02826",
      archivePrefix  = "arXiv",
      primaryClass   = "hep-ex",
      reportNumber   = "CERN-EP-2017-081",
      SLACcitation   = "%%CITATION = ARXIV:1707.02826;%%"
}

@article{Aaboud:2017era,
      author         = "{ATLAS Collaboration}",
      title          = "{Measurement of the $t\bar{t}\gamma$ production cross section in proton-proton collisions at $\sqrt{s} = 8$ TeV with the ATLAS detector}",
      collaboration  = "ATLAS",
      year           = "2017",
      eprint         = "1706.03046",
      archivePrefix  = "arXiv",
      primaryClass   = "hep-ex",
      reportNumber   = "CERN-EP-2017-086",
      SLACcitation   = "%%CITATION = ARXIV:1706.03046;%%"
}
@article{Aad:2010ey,
      author         = "{ATLAS Collaboration}",
      title          = "{Measurement of the top quark-pair production cross
                        section with ATLAS in pp collisions at $\sqrt{s}=7$ TeV}",
      collaboration  = "ATLAS",
      journal        = "Eur. Phys. J.",
      volume         = "C71",
      year           = "2011",
      pages          = "1577",
      doi            = "10.1140/epjc/s10052-011-1577-6",
      eprint         = "1012.1792",
      archivePrefix  = "arXiv",
      primaryClass   = "hep-ex",
      reportNumber   = "CERN-PH-EP-2010-064",
      SLACcitation   = "%%CITATION = ARXIV:1012.1792;%%"
}
@article{Ball:2014uwa,
      author         = "Ball, Richard D. and others",
      title          = "{Parton distributions for the LHC Run II}",
      collaboration  = "NNPDF",
      journal        = "JHEP",
      volume         = "04",
      year           = "2015",
      pages          = "040",
      doi            = "10.1007/JHEP04(2015)040",
      eprint         = "1410.8849",
      archivePrefix  = "arXiv",
      primaryClass   = "hep-ph",
      reportNumber   = "EDINBURGH-2014-15, IFUM-1034-FT, CERN-PH-TH-2013-253,
                        OUTP-14-11P, CAVENDISH-HEP-14-11",
      SLACcitation   = "%%CITATION = ARXIV:1410.8849;%%"
}
article{ATLASUETune4,
 collaboration = {ATLAS},
 author = "{ATLAS Collaboration}",
 note = {\href{http://cds.cern.ch/record/1966419}{http://cds.cern.ch/record/1966419}},
 report = {ATL-PHYS-PUB-2014-021},
 title = {ATLAS Run 1 Pythia8 tunes},
 year = {2014}
}
@article{Ball:2012cx,
      author         = "Ball, Richard D. and others",
      title          = "{Parton distributions with LHC data}",
      journal        = "Nucl.~Phys.~B",
      volume         = "867",
      year           = "2013",
      pages          = "244",
      doi            = "10.1016/j.nuclphysb.2012.10.003",
      eprint         = "1207.1303",
      archivePrefix  = "arXiv",
      primaryClass   = "hep-ph",
      reportNumber   = "EDINBURGH-2012-08, IFUM-FT-997, FR-PHENO-2012-014,
                        RWTH-TTK-12-25, CERN-PH-TH-2012-037, SFB-CPP-12-47",
      SLACcitation   = "%%CITATION = ARXIV:1207.1303;%%"
}
@article{ct10,
 archiveprefix = {arXiv},
 author = {Lai, H.-L. and others},
 doi = {10.1103/PhysRevD.82.074024},
 eprint = {1007.2241},
 journal = "Phys.~Rev.~D",
 pages = {074024},
 primaryclass = {hep-ph},
 title = {New parton distributions for collider physics},
 volume = {82},
 year = {2010}
}
@article{cteq6,
 archiveprefix = {arXiv},
 author = {Nadolsky, P. M. and others},
 doi = {10.1103/PhysRevD.78.013004},
 eprint = {0802.0007},
 journal = "Phys.~Rev.~D",
 pages = {013004},
 primaryclass = {hep-ph},
 title = {Implications of CTEQ global analysis for collider observables},
 volume = {78},
 year = {2008}
}
@article{cteq6l1,
 archiveprefix = {arXiv},
 author = { Pumplin, J. and Stump, D. R. and Huston, J. and Lai, H.-L. and Nadolsky, P. M. and Tung, W. K.},
 doi = {10.1088/1126-6708/2002/07/012},
 eprint = {hep-ph/0201195},
 journal = {JHEP},
 pages = {012},
 primaryclass = {hep-ph},
 slaccitation = {%%CITATION = ARXIV:1105.0020;%%},
 title = {New Generation of Parton Distributions with Uncertainties from Global QCD Analysis},
 volume = {07},
 year = {2002}
}
@article{perugia,
 archiveprefix = {arXiv},
 author = {Skands, P.},
 doi = {10.1103/PhysRevD.82.074018},
 eprint = {1005.3457},
 journal = {Phys.~Rev.~D},
 pages = {074018},
 primaryclass = {hep-ph},
 reportnumber = {MCNET-10-08, CERN-PH-TH-2010-113},
 slaccitation = {%%CITATION = ARXIV:1005.3457;%%},
 title = {Tuning Monte Carlo Generators: The Perugia Tunes},
 volume = {82},
 year = {2010}
}
@article{Seymour:2013qka,
      author         = "Seymour, Michael H. and Siodmok, Andrzej",
      title          = "{Constraining MPI models using $\sigma_{eff}$ and recent
                        Tevatron and LHC Underlying Event data}",
      journal        = "JHEP",
      volume         = "10",
      year           = "2013",
      pages          = "113",
      doi            = "10.1007/JHEP10(2013)113",
      eprint         = "1307.5015",
      archivePrefix  = "arXiv",
      primaryClass   = "hep-ph",
      reportNumber   = "MAN-HEP-2013-14, MCNET-13-08",
      SLACcitation   = "%%CITATION = ARXIV:1307.5015;%%"
}
@article{powhegtt,
 archiveprefix = {arXiv},
 author = {Frixione, S. and Ridolfi, G. and Nason, P.},
 doi = {10.1088/1126-6708/2007/09/126},
 eprint = {0707.3088},
 journal = {JHEP},
 pages = {126},
 primaryclass = {hep-ph},
 title = {A positive-weight next-to-leading-order Monte Carlo for heavy flavour hadroproduction},
 volume = {09},
 year = {2007}
}
@article{powhegstp,
 archiveprefix = {arXiv},
 author = {Re, E.},
 doi = {10.1140/epjc/s10052-011-1547-z},
 eprint = {1009.2450},
 journal = {Eur. Phys. J. C},
 pages = {1547},
 primaryclass = {hep-ph},
 title = {Single-top Wt-channel production matched with parton showers using the POWHEG method},
 volume = {71},
 year = {2011}
}
@article{powhegstp2,
 archiveprefix = {arXiv},
 author = {Alioli, S. and Nason, P. and Oleari, C. and Re, E.},
 doi = {10.1088/1126-6708/2009/09/111},
 eprint = {0907.4076},
 journal = {JHEP},
 pages = {111},
 primaryclass = {hep-ph},
 title = {NLO single-top production matched with shower in POWHEG: $s-$ and $t-$channel contributions},
 volume = {09},
 year = {2009},
 erratum = {(erratum \href{http://dx.doi.org/10.1007/JHEP02(2010)011}{\textit{ibid} \textbf{1002} (2010), 011})}
}
@article{Bahr:2008pv,
 archiveprefix = {arXiv},
 author = {Bahr, M. and others},
 doi = {10.1140/epjc/s10052-008-0798-9},
 eprint = {0803.0883},
 journal = {Eur.~Phys.~J.~C},
 pages = {639},
 primaryclass = {hep-ph},
 reportnumber = {CERN-PH-TH-2008-038, CAVENDISH-HEP-08-03, KA-TP-05-2008, DCPT-08-22, IPPP-08-11, CP3-08-05},
 slaccitation = {%%CITATION = ARXIV:0803.0883;%%},
 title = {Herwig++ Physics and Manual},
 volume = {58},
 year = {2008}
}
@article{Lange:2001uf,
      author         = "Lange, D. J.",
      title          = "{The EvtGen particle decay simulation package}",
      booktitle      = "{Proceedings, 7th International Conference on B physics
                        at hadron machines (BEAUTY 2000)}",
      journal        = "Nucl.~Instrum.~Meth.~Phys.~Res.~A",
      volume         = "462",
      year           = "2001",
      pages          = "152",
      doi            = "10.1016/S0168-9002(01)00089-4",
      SLACcitation   = "%%CITATION = NUIMA,A462,152;%%"
}
@article{Golonka:2005pn,
      author         = "Golonka, Piotr and Was, Zbigniew",
      title          = "{PHOTOS Monte Carlo: A Precision tool for QED corrections
                        in $Z$ and $W$ decays}",
      journal        = "Eur. Phys. J.",
      volume         = "C45",
      year           = "2006",
      pages          = "97-107",
      doi            = "10.1140/epjc/s2005-02396-4",
      eprint         = "hep-ph/0506026",
      archivePrefix  = "arXiv",
      primaryClass   = "hep-ph",
      reportNumber   = "IFJPAN-V-05-01, CERN-PH-TH-2005-091",
      SLACcitation   = "%%CITATION = HEP-PH/0506026;%%"
}
% previous ATLAS ttHML publication (36.1/fb)

@article{ATLASttHML20152016,
      author         = "{ATLAS Collaboration}",
      title          = "{Evidence for the associated production of the Higgs boson and a top quark pair with the ATLAS detector}",
      collaboration  = "ATLAS",
	  journal = {Phys. Rev. D},
	    volume = {97},
	    issue = {7},
	    pages = {072003},
	    numpages = {44},
	    year = {2018},
	    month = {Apr},
	    publisher = {American Physical Society},
	    doi = {10.1103/PhysRevD.97.072003},
	    url = {https://link.aps.org/doi/10.1103/PhysRevD.97.072003}
}

% large NLO corrections for ttW

@Article{Frederix2018,
author="Frederix, Rikkert
and Pagani, Davide
and Zaro, Marco",
title="Large NLO corrections in ttW and tttt hadroproduction from supposedly subleading EW contributions",
journal="Journal of High Energy Physics",
year="2018",
month="Feb",
day="06",
volume="2018",
number="2",
pages="31",
issn="1029-8479",
doi="10.1007/JHEP02(2018)031",
url="https://doi.org/10.1007/JHEP02(2018)031"
}

