
@article{cms-hhcomb,
    author         = "{CMS Collaboration}",
    title          = "{Combination of searches for Higgs boson pair production in proton-proton collisions at $\sqrt{s} = $ 13 TeV}",
    journal        = "Submitted to: Phys. Rev. Lett.",
    year           = "2018",
    eprint         = "1811.09689",
    archivePrefix  = "arXiv",
    primaryClass   = "hep-ex",
    reportNumber   = "CMS-HIG-17-030, CERN-EP-2018-292",
    SLACcitation   = "%%CITATION = ARXIV:1811.09689;%%"
}

@article{2HDMTheory,
      author         = "Branco, G. C. and Ferreira, P. M. and Lavoura, L. and
                        Rebelo, M. N. and Sher, Marc and Silva, Joao P.",
      title          = "{Theory and phenomenology of two-Higgs-doublet models}",
      journal        = "Phys. Rept.",
      volume         = "516",
      year           = "2012",
      pages          = "1-102",
      doi            = "10.1016/j.physrep.2012.02.002",
      eprint         = "1106.0034",
      archivePrefix  = "arXiv",
      primaryClass   = "hep-ph",
      SLACcitation   = "%%CITATION = ARXIV:1106.0034;%%"
}
    
@article{4WTheory,
      author         = "Ren, Jing and Xiao, Rui-Qing and Zhou, Maosen and Fang,
                        Yaquan and He, Hong-Jian and Yao, Weiming",
      title          = "{LHC search of new Higgs boson via resonant di-Higgs production with decays into 4W}",
      journal        = "JHEP",
      volume         = "06",
      year           = "2018",
      pages          = "090",
      doi            = "10.1007/JHEP06(2018)090",
      eprint         = "1706.05980",
      archivePrefix  = "arXiv",
      primaryClass   = "hep-ph",
      SLACcitation   = "%%CITATION = ARXIV:1706.05980;%%"
}

@article{ExoticHiggsTheory,

      author         = "von Buddenbrock, Stefan and Chakrabarty, Nabarun and
                        Cornell, Alan S. and Kar, Deepak and Kumar, Mukesh and
                        Mandal, Tanumoy and Mellado, Bruce and Mukhopadhyaya,
                        Biswarup and Reed, Robert G. and Ruan, Xifeng",
      title          = "{Phenomenological signatures of additional scalar bosons
                        at the LHC}",
      journal        = "Eur. Phys. J. C",
      volume         = "76",
      year           = "2016",
      number         = "10",
      pages          = "580",
      doi            = "10.1140/epjc/s10052-016-4435-8",
      eprint         = "1606.01674",
      archivePrefix  = "arXiv",
      primaryClass   = "hep-ph",
      reportNumber   = "WITS-MITP-025, HRI-RECAPP-2016-003",
      SLACcitation   = "%%CITATION = ARXIV:1606.01674;%%"
}

@article{eftreweight,
      author         = "Borowka, S. and Greiner, N. and Heinrich, G. and Jones,
                        S. P. and Kerner, M. and Schlenk, J. and Schubert, U.
                        and Zirke, T.",
      title          = "{Higgs Boson Pair Production in Gluon Fusion at
                        Next-to-Leading Order with Full Top-Quark Mass
                        Dependence}",
      journal        = "Phys. Rev. Lett.",
      volume         = "117",
      year           = "2016",
      number         = "1",
      pages          = "012001",
      doi            = "10.1103/PhysRevLett.117.012001",
      eprint         = "1604.06447",
      archivePrefix  = "arXiv",
      primaryClass   = "hep-ph",
      reportNumber   = "MPP-2016-80, NSF-KITP-16-040, ZH-TH-14-16",
      SLACcitation   = "%%CITATION = ARXIV:1604.06447;%%",
    related        = "eftreweight_err",
    relatedstring  = "Erratum:",
}

@article{eftreweight_err,
      author         = "Borowka, S. and Greiner, N. and Heinrich, G. and Jones,
                        S. P. and Kerner, M. and Schlenk, J. and Schubert, U.
                        and Zirke, T.",
      journal        = "Phys. Rev. Lett.",
      volume         = "117",
      year           = "2016",
      pages          = "079901",
      doi            = "10.1103/PhysRevLett.117.079901",
}

@article{PhysRevLett.89.151801,
     author             = "U. Baur, T. Plehn and D. Rainwater",
     title              = "{Measuring the Higgs Boson Self-Coupling at the Large Hadron Collider}",
     journal            = "Phys. Rev. Lett.",
     volume             = "89",
     year               = "2002",
     pages              = "151801"
}

@article{HiggsXSec,
      author         = "de Florian, D. and others",
      title          = "{Handbook of LHC Higgs Cross Sections: 4. Deciphering the
                        Nature of the Higgs Sector}",
      collaboration  = "LHC Higgs Cross Section Working Group",
      doi            = "10.23731/CYRM-2017-002",
      year           = "2016",
      eprint         = "1610.07922",
      archivePrefix  = "arXiv",
      primaryClass   = "hep-ph",
      reportNumber   = "FERMILAB-FN-1025-T, CERN-2017-002-M",
      SLACcitation   = "%%CITATION = ARXIV:1610.07922;%%"
}

@article{ttVXSec2,
      author         = "Frixione, S. and Hirschi, V. and Pagani, D. and Shao, H.-S. and Zaro, M.",
      title          = "{Electroweak and QCD corrections to top-pair
                        hadroproduction in association with heavy bosons}",
      journal        = "JHEP",
      volume         = "06",
      year           = "2015",
      pages          = "184",
      doi            = "10.1007/JHEP06(2015)184",
      eprint         = "1504.03446",
      archivePrefix  = "arXiv",
      primaryClass   = "hep-ph",
      reportNumber   = "CERN-PH-TH-2015-083, CP3-15-10, LPN15-022,
                        SLAC-PUB-16253",
      SLACcitation   = "%%CITATION = ARXIV:1504.03446;%%"
}

@article{ttVXSec1,
      author         = "Alwall, J. and Frederix, R. and Frixione, S. and Hirschi,
                        V. and Maltoni, F. and Mattelaer, O. and Shao, H. -S. and
                        Stelzer, T. and Torrielli, P. and Zaro, M.",
      title          = "{The automated computation of tree-level and
                        next-to-leading order differential cross sections, and
                        their matching to parton shower simulations}",
      journal        = "JHEP",
      volume         = "07",
      year           = "2014",
      pages          = "079",
      doi            = "10.1007/JHEP07(2014)079",
      eprint         = "1405.0301",
      archivePrefix  = "arXiv",
      primaryClass   = "hep-ph",
      reportNumber   = "CERN-PH-TH-2014-064, CP3-14-18, LPN14-066, MCNET-14-09,
                        ZU-TH-14-14",
      SLACcitation   = "%%CITATION = ARXIV:1405.0301;%%"
}

@article{geant4,
      author         = "Agostinelli, S. and others",
      title          = "{Geant4--a simulation toolkit}",
      journal        = "Nucl. Instrum. Meth. A",
      volume         = "506",
      year           = "2003",
      pages          = "250-303",
      doi            = "10.1016/S0168-9002(03)01368-8",
      reportNumber   = "SLAC-PUB-9350, FERMILAB-PUB-03-339",
      SLACcitation   = "%%CITATION = NUIMA,A506,250;%%"
}

@inproceedings{Lukas:2012kua,
      author         = "Lukas, W.",
      title          = "{Fast Simulation for ATLAS: Atlfast-II and ISF}",
      url            = "http://cdsweb.cern.ch/record/1458503/files/ATL-SOFT-PROC-2012-065.pdf",
      year           = "2012",
      reportNumber   = "ATL-SOFT-PROC-2012-065, ATL-COM-SOFT-2012-137",
      SLACcitation   = "%%CITATION = ATL-SOFT-PROC-2012-065;%%"
}

@article{pythia6,
     author    = "T. Sj{\"o}strand and M. Stephen and S. Peter",
     title     = "{PYTHIA 6.4 physics and manual}",
     journal   = "JHEP",
     volume    = "05",
     year      = "2006",
     pages     = "026",
      eprint         = "hep-ph/0603175",
      archivePrefix  = "arXiv",
     doi       = "10.1088/1126-6708/2006/05/026"
}

@article{pythia8,
      author         = "Sj{\"o}strand, T. and Mrenna, S. and Skands, P. Z.",
      title          = "{A Brief Introduction to PYTHIA 8.1}",
      journal        = "Comput. Phys. Commun.",
      volume         = "178",
      pages          = "852-867",
      doi            = "10.1016/j.cpc.2008.01.036",
      year           = "2008",
      eprint         = "0710.3820",
      archivePrefix  = "arXiv",
      primaryClass   = "hep-ph",
      reportNumber   = "CERN-LCGAPP-2007-04, LU-TP-07-28,
                        FERMILAB-PUB-07-512-CD-T"
}

@article{madgraph5amcnlo,
      author         = "Alwall, J. and Frederix, R. and Frixione, S. and Hirschi,
                        V. and Maltoni, F. and Mattelaer, O. and Shao, H. -S. and
                        Stelzer, T. and Torrielli, P. and Zaro, M.",
      title          = "{The automated computation of tree-level and
                        next-to-leading order differential cross sections, and
                        their matching to parton shower simulations}",
      journal        = "JHEP",
      volume         = "07",
      year           = "2014",
      pages          = "079",
      doi            = "10.1007/JHEP07(2014)079",
      eprint         = "1405.0301",
      archivePrefix  = "arXiv",
      primaryClass   = "hep-ph",
      reportNumber   = "CERN-PH-TH-2014-064, CP3-14-18, LPN14-066, MCNET-14-09,
                        ZU-TH-14-14",
      SLACcitation   = "%%CITATION = ARXIV:1405.0301;%%"
}

@article{syscalc,
      author         = "Kalogeropoulos, Alexis and Alwall, Johan",
      title          = "{The SysCalc code: A tool to derive theoretical
                        systematic uncertainties}",
      year           = "2018",
      eprint         = "1801.08401",
      archivePrefix  = "arXiv",
      primaryClass   = "hep-ph",
      SLACcitation   = "%%CITATION = ARXIV:1801.08401;%%"
}

@article{herwigpp,
      author         = "Bellm, J. and others",
      title          = "{Herwig++ 2.7 Release Note}",
      year           = "2013",
      eprint         = "1310.6877",
      archivePrefix  = "arXiv",
      primaryClass   = "hep-ph",
      reportNumber   = "IPPP-13-88, MCNET-13-15, DCPT-13-176, DESY-13-186,
                        KA-TP-31-2013, --ZU-TH-23-13",
      SLACcitation   = "%%CITATION = ARXIV:1310.6877;%%"
}

@article{herwigtune,
      author         = "Gieseke, Stefan and Rohr, Christian and Siodmok, Andrzej",
      title          = "{Colour reconnections in Herwig++}",
      journal        = "Eur. Phys. J. C",
      volume         = "72",
      year           = "2012",
      pages          = "2225",
      doi            = "10.1140/epjc/s10052-012-2225-5",
      eprint         = "1206.0041",
      archivePrefix  = "arXiv",
      primaryClass   = "hep-ph",
      reportNumber   = "MCNET-12-06, KA-TP-17-2012, MAN-HEP-2012-03",
      SLACcitation   = "%%CITATION = ARXIV:1206.0041;%%"
}

@article{sherpa,
      author         = "Gleisberg, T. and Hoeche, Stefan. and Krauss, F. and
                        Schonherr, M. and Schumann, S. and others",
      title          = "{Event generation with SHERPA 1.1}",
      journal        = "JHEP",
      volume         = "02",
      pages          = "007",
      doi            = "10.1088/1126-6708/2009/02/007",
      year           = "2009",
      eprint         = "0811.4622",
      archivePrefix  = "arXiv",
      primaryClass   = "hep-ph",
      reportNumber   = "FERMILAB-PUB-08-477-T, SLAC-PUB-13420, ZU-TH-17-08,
                        DCPT-08-138, IPPP-08-69, EDINBURGH-2008-30, MCNET-08-14",
      SLACcitation   = "%%CITATION = ARXIV:0811.4622;%%",
}

@article{powhegbox,
      author         = "Alioli, Simone and Nason, Paolo and Oleari, Carlo and Re,
                        Emanuele",
      title          = "{A general framework for implementing NLO calculations in
                        shower Monte Carlo programs: the POWHEG BOX}",
      journal        = "JHEP",
      volume         = "06",
      year           = "2010",
      pages          = "043",
      doi            = "10.1007/JHEP06(2010)043",
      eprint         = "1002.2581",
      archivePrefix  = "arXiv",
      primaryClass   = "hep-ph",
      reportNumber   = "DESY-10-018, SFB-CPP-10-22, IPPP-10-11, DCPT-10-22",
      SLACcitation   = "%%CITATION = ARXIV:1002.2581;%%"
}

@article{PDF:CT10,
      author         = "Lai, Hung-Liang and Guzzi, Marco and Huston, Joey and Li,
                             Zhao and Nadolsky, Pavel M. and Pumplin, Jon and Yuan, C.-P.",
      title          = "{New parton distributions for collider physics}",
      journal        = "Phys. Rev. D",
      volume         = "82",
      year           = "2010",
      pages          = "074024",
      doi            = "10.1103/PhysRevD.82.074024",
      eprint         = "1007.2241",
      archivePrefix  = "arXiv",
      primaryClass   = "hep-ph",
      reportNumber   = "MSUHEP-100707, SMU-HEP-10-10",
      SLACcitation   = "%%CITATION = ARXIV:1007.2241;%%"
}

@techreport{PDF:CTEQ6l1,
  author             = "{P.M. Nadolsky, et al.}",
  title              = "{Implications of CTEQ global analysis for collider observables}",
  journal            = "Phys. Rev. D",
  volume             = "78",
  year               = "2008",
  pages              = "013004",
  url                = "{http://prd.aps.org/abstract/PRD/v78/i1/e013004}"
}

@article{Pumplin:2002vw,
      author         = "Pumplin, J. and Stump, D. R. and Huston, J. and Lai, H. L. and Nadolsky, Pavel M. and Tung, W. K.",
      title          = "{New Generation of Parton Distributions with Uncertainties from Global QCD Analysis}",
      journal        = "JHEP",
      volume         = "07",
      year           = "2002",
      pages          = "012",
      doi            = "10.1088/1126-6708/2002/07/012",
      eprint         = "hep-ph/0201195",
      archivePrefix  = "arXiv",
      reportNumber   = "MSU-HEP-011101",
      SLACcitation   = "%%CITATION = HEP-PH/0201195;%%"
}

@article{PDF:NNPDF23,
      author         = "Ball, Richard D. and Bertone, Valerio and Carrazza,
                        Stefano and Deans, Christopher S. and Del Debbio, Luigi
                        and others",
      title          = "{Parton distributions with LHC data}",
      journal        = "Nucl. Phys. B",
      volume         = "867",
      pages          = "244-289",
      doi            = "10.1016/j.nuclphysb.2012.10.003",
      year           = "2013",
      eprint         = "1207.1303",
      archivePrefix  = "arXiv",
      primaryClass   = "hep-ph",
      reportNumber   = "EDINBURGH-2012-08, IFUM-FT-997, FR-PHENO-2012-014,
                        RWTH-TTK-12-25, CERN-PH-TH-2012-037, SFB-CPP-12-47\",
      SLACcitation   = "%%CITATION = ARXIV:1207.1303;%%",
}

@article{PDF:NNPDF30,
      author         = "Ball, Richard D. and others",
      title          = "{Parton distributions for the LHC Run II}",
      collaboration  = "NNPDF",
      journal        = "JHEP",
      volume         = "04",
      year           = "2015",
      pages          = "040",
      doi            = "10.1007/JHEP04(2015)040",
      eprint         = "1410.8849",
      archivePrefix  = "arXiv",
      primaryClass   = "hep-ph",
      reportNumber   = "EDINBURGH-2014-15, IFUM-1034-FT, CERN-PH-TH-2013-253,
                        OUTP-14-11P, CAVENDISH-HEP-14-11",
      SLACcitation   = "%%CITATION = ARXIV:1410.8849;%%"
}

@article{cls,
      author         = "Read, Alexander L.",
      title          = "{Presentation of search results: The $CL_s$ technique}",
      booktitle      = "{Advanced Statistical Techniques in Particle Physics.
                        Proceedings, Conference, Durham, UK, March 18-22, 2002}",
      journal        = "J. Phys. G",
      volume         = "28",
      year           = "2002",
      pages          = "2693-2704",
      doi            = "10.1088/0954-3899/28/10/313",
      SLACcitation   = "%%CITATION = JPAGA,G28,2693;%%"
}

@article{asym,
      author         = "Cowan, Glen and Cranmer, Kyle and Gross, Eilam and Vitells, Ofer",
      title          = "{Asymptotic formulae for likelihood-based tests of new
                        physics}",
      journal        = "Eur. Phys. J. C",
      volume         = "71",
      year           = "2011",
      pages          = "1554",
      doi            = "10.1140/epjc/s10052-011-1554-0",
      eprint         = "1007.1727",
      archivePrefix  = "arXiv",
      primaryClass   = "physics.data-an",
      SLACcitation   = "%%CITATION = ARXIV:1007.1727;%%",
    related        = "asym_err",
    relatedstring  = "Erratum:",
}

@article{asym_err,
      author         = "Cowan, Glen and Cranmer, Kyle and Gross, Eilam and Vitells, Ofer",
      journal        = "Eur. Phys. J. C",
      volume         = "73",
      year           = "2013",
      pages          = "2501",
      doi            = "10.1140/epjc/s10052-013-2501-z",
}

@article{akt, 
      author         = "Cacciari, M. and Salam, G.  P. and Soyez, G.", 
      title          = "{The anti-$k_t$ jet clustering algorithm}", 
      journal        = "JHEP", 
      volume         = "04", 
      pages          = "063", 
      doi            = "10.1088/1126-6708/2008/04/063", 
      year           = "2008", 
      eprint         = "0802.1189", 
      archivePrefix  = "arXiv", 
      primaryClass   = "hep-ph", 
      reportNumber   = "LPTHE-07-03", 
      SLACcitation   = "%%CITATION = ARXIV:0802.1189;%%", 
}

@article{Cacciari:area,
      author         = "Cacciari, Matteo and Salam, Gavin P. and Soyez, Gregory",
      title          = "{The Catchment Area of Jets}",
      journal        = "JHEP",
      volume         = "04",
      year           = "2008",
      pages          = "005",
      doi            = "10.1088/1126-6708/2008/04/005",
      eprint         = "0802.1188",
      archivePrefix  = "arXiv",
      primaryClass   = "hep-ph",
      reportNumber   = "LPTHE-07-02",
      SLACcitation   = "%%CITATION = ARXIV:0802.1188;%%"
}

@article{Hocker:2007ht,
      author  =       "Hoecker, Andreas and Speckmayer, Peter and Stelzer, Joerg and Therhaag, Jan and von Toerne, Eckhard and Voss, Helge",
      title    =      "{TMVA: Toolkit for Multivariate Data Analysis}",
      journal  =      "PoS",
      volume   =      "ACAT",
      year     =      "2007",
      pages    =      "040",
      eprint   =      "physics/0703039",
      archivePrefix   = "arXiv",
      SLACcitation   = "%%CITATION = PHYSICS/0703039;%%"
}

@article{LUCID2,
      author={G. Avoni and others},
      title={The new LUCID-2 detector for luminosity measurement and monitoring in ATLAS},
      journal={JINST},
      volume={13},
      number={07},
      pages={P07017},
      doi="10.1088/1748-0221/13/07/P07017",
      year={2018},
}

