%---------------------------------------------------------------------------%
%-                                                                         -%
%-                             Bibliography                                -%
%-                                                                         -%
%---------------------------------------------------------------------------%
@book{wikibook2014latex,
    title={http://en.wikibooks.org/wiki/LaTeX},
    author={Wikibook},
    year={2014},
    publisher={On-line Resources}
}
@book{lamport1986document,
    title={Document Preparation System},
    author={Lamport, Leslie},
    year={1986},
    publisher={Addison-Wesley Reading, MA}
}
@article{chen2005zhulu,
    title={著录文后参考文献的规则及注意事项},
    author={陈浩元},
    key={Chen Hao Yuan},
    journal={编辑学报},
    volume={17},
    number={6},
    pages={413--415},
    year={2005}
}
@book{chu2004tushu,
    title={图书馆数字参考咨询服务研究},
    author={初景利},
    key={Chu Jing Li},
    year={2004},
    address={北京},
    publisher={北京图书馆出版社}
}
@article{stamerjohanns2009mathml,
    title={{MathML}-aware article conversion from {LaTeX}},
    author={Stamerjohanns, Heinrich and Ginev, Deyan and David, Catalin and Misev, Dimitar and Zamdzhiev, Vladimir and Kohlhase, Michael},
    journal={Towards a Digital Mathematics Library},
    volume={16},
    number={2},
    pages={109--120},
    year={2009},
    publisher={Masaryk University Press}
}
@article{betts2005aging,
    title={Aging reduces center-surround antagonism in visual motion processing},
    author={Betts, Lisa R and Taylor, Christopher P},
    journal={Neuron},
    volume={45},
    number={3},
    pages={361--366},
    year={2005},
    publisher={Elsevier}
}

@article{bravo1990comparative,
    title={Comparative study of visual inter and intrahemispheric cortico-cortical connections in five native Chilean rodents},
    author={Bravo, Hermes and Olavarria, Jaime},
    journal={Anatomy and embryology},
    volume={181},
    number={1},
    pages={67--73},
    year={1990},
    publisher={Springer}
}
@book{hls2012jinji,
    author       = {哈里森·沃尔德伦},
    key          = {Haliseng Woerdelun},
    translator   = {谢远涛},
    title        = {经济数学与金融数学},
    address      = {北京},
    publisher    = {中国人民大学出版社},
    year         = {2012},
    pages        = {235--236},
}
@proceedings{niu2013zonghe,
    editor       = {牛志明 and 斯温兰德 and 雷光春},
    key          = {Niu Zhi Ming Siwenlande Lei Guang Chun},
    title        = {综合湿地管理国际研讨会论文集},
    address      = {北京},
    publisher    = {海洋出版社},
    year         = {2013},
}
@incollection{chen1980zhongguo,
    author       = {陈晋镳 and 张惠民 and 朱士兴 and 赵震 and
        王振刚},
    key          = {Chen Jing Ao Zhang Hui Ming Zhu Shi Xing Zhao Zhen Wang Zhen Gang},
    title        = {蓟县震旦亚界研究},
    editor       = {中国地质科学院天津地质矿产研究所},
    booktitle    = {中国震旦亚界},
    address      = {天津},
    publisher    = {天津科学技术出版社},
    year         = {1980},
    pages        = {56--114},
}
@article{yuan2012lana,
    author       = {袁训来 and 陈哲 and 肖书海},
    key          = {Yuan xun lai Chen zhe Xiao shu Hai},
    title        = {蓝田生物群: 一个认识多细胞生物起源和早期演化的新窗口 -- 篇一},
    journal      = {科学通报},
    year         = {2012},
    volume       = {57},
    number       = {34},
    pages        = {3219},
}
@article{yuan2012lanb,
    author       = {袁训来 and 陈哲 and 肖书海},
    key          = {Yuan xun lai Chen zhe Xiao shu Hai},
    title        = {蓝田生物群: 一个认识多细胞生物起源和早期演化的新窗口 -- 篇二},
    journal      = {科学通报},
    year         = {2012},
    volume       = {57},
    number       = {34},
    pages        = {3219},
}
@article{yuan2012lanc,
    author       = {袁训来 and 陈哲 and 肖书海},
    key          = {Yuan xun lai Chen zhe Xiao shu Hai},
    title        = {蓝田生物群: 一个认识多细胞生物起源和早期演化的新窗口 -- 篇三},
    journal      = {科学通报},
    year         = {2012},
    volume       = {57},
    number       = {34},
    pages        = {3219},
}
@article{walls2013drought,
    author       = {Walls, Susan C. and Barichivich, William J. and Brown, Mary
        E.},
    title        = {Drought, deluge and declines: the impact of precipitation
        extremes on amphibians in a changing climate},
    journal      = {Biology},
    year         = {2013},
    volume       = {2},
    number       = {1},
    pages        = {399--418},
    urldate      = {2013-11-04},
    url          = {http://www.mdpi.com/2079-7737/2/1/399},
    doi          = {10.3390/biology2010399},
}
@article{Bohan1928,
    author = { ボハン, デ},
    title = { 過去及び現在に於ける英国と会 },
    journal = { 日本時報 },
    year = { 1928 },
    volume = { 17 },
    pages = { 5-9 },
    edition = { 9 },
    hyphenation = { japanese },
    language = { japanese }
}

@article{Dubrovin1906,
    author = { Дубровин, А. И },
    title = { Открытое письмо Председателя Главного Совета Союза Русского Народа Санкт-Петербургскому Антонию, Первенствующему члену Священного Синода },
    journal = { Вече },
    year = { 1906 },
    volume = {  },
    edition = { 97 },
    month = { 7 дек. 1906 },
    pages = { 1-3 },
    hyphenation = { russian },
    language = { russian }
}

%%%Maosen Zhou
@misc{MG5-HH-LO,
  author={F. Maltoni},
  title={Higgs pair production},
  note = {Dec 2013},
  howpublished = {\url{https://cp3.irmp.ucl.ac.be/projects/madgraph/wiki/HiggsPairProduction}}
}

@article{Frederix:2014hta,
      author         = "Frederix, R. and Frixione, S. and Hirschi, V. and
                        Maltoni, F. and Mattelaer, O. and Torrielli, P. and
                        Vryonidou, E. and Zaro, M.",
      title          = "{Higgs pair production at the LHC with NLO and
                        parton-shower effects}",
      journal        = "Phys. Lett.",
      volume         = "B732",
      year           = "2014",
      pages          = "142-149",
      doi            = "10.1016/j.physletb.2014.03.026",
      eprint         = "1401.7340",
      archivePrefix  = "arXiv",
      primaryClass   = "hep-ph",
      reportNumber   = "CERN-PH-TH-2014-014, CP3-14-07, ZU-TH03-14, LPN14-055",
      SLACcitation   = "%%CITATION = ARXIV:1401.7340;%%"
}

%%Higgs BR
@article{Denner:2011mq,
        author          = "Denner, A. and Heinemeyer, S. and Puljak, I. and Rebuzzi, D. and Spira, M.",
        title           = "{Standard Model Higgs-boson branching ratios with uncertainties}",
        journal         = "Eur. Phys. J.",
        volume          = "C71",
        pages           = "1753",
        doi             = "10.1140/epjc/s10052-011-1753-8",
        year            = "2011",
        eprint          = "1107.5909",
        archivePrefix   = "arXiv",
        primaryClass    = "hep-ph",
        SLACcitation    = "%%CITATION = ARXIV:1107.5909;%%",
}

@Booklet{ATL-PHYS-PUB-2016-004,
    author         = "{ATLAS Collaboration}",
    title          = "{Simulation of top-quark production for the ATLAS experiment at $\sqrt{s} = 13\;\mbox{TeV}$}",
    howpublished   = "{ATL-PHYS-PUB-2016-004}",
    url            = "https://cds.cern.ch/record/2120417",
    year           = "2016",
}

@Booklet{ATL-PHYS-PUB-2016-005,
    author         = "{ATLAS Collaboration}",
    title          = "{Modelling of the $t\bar{t} H$ and $t\bar{t}V (V = W, Z)$ processes for $\sqrt{s} = 13\;\mbox{TeV}$ ATLAS analyses}",
    howpublished   = "{ATL-PHYS-PUB-2016-005}",
    url            = "https://cds.cern.ch/record/2120826",
    year           = "2016",
}

@Booklet{ATL-PHYS-PUB-2016-002,
    author         = "{ATLAS Collaboration}",
    title          = "{Multi-boson simulation for $13\;\mbox{TeV}$ ATLAS analyses}",
    howpublished   = "{ATL-PHYS-PUB-2016-002}",
    url            = "https://cds.cern.ch/record/2119986",
    year           = "2016",
}

@article{MuonQmisIDnote,
    author = "{The ATLAS Collaboration}",
    title = "{Search for heavy neutrino, $W_R$ and $Z_R$ gauge bosons in events with two high-$P_T$ leptons and jets with the ATLAS detector in $pp$ collisions at $\sqrt{s}$ = 8 TeV}",
    Journal = {ATL-COM-PHYS-2013-810},
    year = "2013"
    }

@article{Likelihoodnote,
    author = "{A.~Alonso~and~B.~Meirose}",
    title = "{New data-driven methods for lepton charge mis-identification}",
    Journal = {ATL-COM-PHYS-2012-164},
    year = "2012"
    }

@Inbook{Alison2015,
author="Alison, John",
title="The Fake Factor Method",
bookTitle="The Road to Discovery: Detector Alignment, Electron Identification, Particle Misidentification, WW Physics, and the Discovery of the Higgs Boson",
year="2015",
publisher="Springer International Publishing",
address="Cham",
pages="151--209",
isbn="978-3-319-10344-0",
doi="10.1007/978-3-319-10344-0_9",
url="http://dx.doi.org/10.1007/978-3-319-10344-0_9"
}

@article{LHCdiHiggsXsec,
        author = "{ATLAS Collaboration}",
        title = {Analytical parametrization and shape classification of anomalous HH production in EFT approach},
        Journal = {LHCHXSWG-INT-2016-001},
        year = "2016"
        }

@Article{DAPR-2013-01,
    author         = "{ATLAS Collaboration}",
    title          = "{Luminosity determination in $pp$ collisions at $\sqrt{s} = 8\;\mbox{TeV}$ using the ATLAS detector at the LHC}",
    year           = "2016",
    eprint         = "1608.03953",
    archivePrefix  = "arXiv",
    primaryClass   = "hep-ex",
}

@article{Buckley:2014ana,
      author         = "Buckley, Andy and Ferrando, James and Lloyd, Stephen and
                        Nordström, Karl and Page, Ben and Rüfenacht, Martin and
                        Schönherr, Marek and Watt, Graeme",
      title          = "{LHAPDF6: parton density access in the LHC precision
                        era}",
      journal        = "Eur. Phys. J.",
      volume         = "C75",
      year           = "2015",
      pages          = "132",
      doi            = "10.1140/epjc/s10052-015-3318-8",
      eprint         = "1412.7420",
      archivePrefix  = "arXiv",
      primaryClass   = "hep-ph",
      reportNumber   = "GLAS-PPE-2014-05, MCNET-14-29, IPPP-14-111, DCPT-14-222",
      SLACcitation   = "%%CITATION = ARXIV:1412.7420;%%"
}

@article{xsection_ttV,
     author  = "{ATLAS Collaboration}",
     title   = "{Measurement of the $t\bar{t}Z$ and $t\bar{t}W$ production cross sections in multilepton final states using 3.2 fb$^{-1}$ of pp collisions at $\sqrt{s} = 13$ TeV with the ATLAS detector}",
     journal = "Eur. Phys. J.",
     volume  = "C77",
     year    = "2017",
     pages   = "40"
}

@article{xsection_WZ,
     author  = "{ATLAS Collaboration}",
     title   = "{Measurement of the $W^{\pm}Z$ boson pair-production cross-section in $pp$ collisions at $\sqrt{s} = 13$ TeV with the ATLAS detector}",
     journal = "Phys. Lett.",
     volume  = "B762",
     year    = "2016",
     pages   = "1-22"
}

@article{Read:2002hq,
      author         = "Read, Alexander L.",
      title          = "{Presentation of search results: The CL(s) technique}",
      journal        = "J.Phys.",
      volume         = "G28",
      pages          = "2693-2704",
      doi            = "10.1088/0954-3899/28/10/313",
      year           = "2002",
      SLACcitation   = "%%CITATION = INSPIRE-599622;%%",
}

@article{Cowan:2010js,
      author         = "Cowan, Glen and others",
      title          = "{Asymptotic formulae for likelihood-based tests of new
                        physics}",
      journal        = "Eur. Phys. J.",
      volume         = "C71",
      pages          = "1554",
      doi            = "10.1140/epjc/s10052-011-1554-0",
      year           = "2011",
      eprint         = "1007.1727",
      archivePrefix  = "arXiv",
      primaryClass   = "physics.data-an",
      SLACcitation   = "%%CITATION = ARXIV:1007.1727;%%",
}

@article{Aad:2012an,
      author         = "Aad, Georges and others",
      title          = "{Combined search for the Standard Model Higgs boson in
                        $pp$ collisions at $\sqrt{s} = 7$ TeV with the ATLAS
                        detector}",
      collaboration  = "ATLAS",
      journal        = "Phys. Rev.",
      volume         = "D86",
      year           = "2012",
      pages          = "032003",
      doi            = "10.1103/PhysRevD.86.032003",
      eprint         = "1207.0319",
      archivePrefix  = "arXiv",
      primaryClass   = "hep-ex",
      reportNumber   = "CERN-PH-EP-2012-167",
      SLACcitation   = "%%CITATION = ARXIV:1207.0319;%%"
}

@article{ATLAS:2011tau,
      title          = "{Procedure for the LHC Higgs boson search combination in
                        summer 2011}",
      collaboration  = "ATLAS, CMS, LHC Higgs Combination Group",
      year           = "2011",
      reportNumber   = "ATL-PHYS-PUB-2011-011, CMS-NOTE-2011-005",
      SLACcitation   = "%%CITATION = ATL-PHYS-PUB-2011-011;%%"
}

@Article{CLs_2002,
      author         = "Read, Alexander L.",
      title =  "{Presentation of search results: the CL$_{s}$ technique}",
      journal        = "J. Phys. G",
      volume         = "28",
      pages          = "2693",
      doi            = "10.1088/0954-3899/28/10/313",
      year           = "2002",
      SLACcitation   = "%%CITATION = INSPIRE-599622;%%",
}

@article{Evans_2008,
	doi = {10.1088/1748-0221/3/08/s08001},
	url = {https://doi.org/10.1088%2F1748-0221%2F3%2F08%2Fs08001},
	year = 2008,
	month = {aug},
	publisher = {{IOP} Publishing},
	volume = {3},
	number = {08},
	pages = {S08001--S08001},
	author = {Lyndon Evans and Philip Bryant},
	title = {{LHC} Machine},
	journal = {Journal of Instrumentation},
	abstract = {The Large Hadron Collider (LHC) at CERN near Geneva is the
world's newest and most powerful tool for Particle Physics
research. It is designed to collide proton beams with a centre-of-mass
energy of 14 TeV and an unprecedented luminosity of 1034 cm−2 s−1. It
can also collide heavy (Pb) ions with an energy of 2.8 TeV per nucleon
and a peak luminosity of 1027 cm−2 s−1. In this paper, the machine
design is described.}
}

@misc{LHC-Run-Summary,
  title={ATLAS Data Summary},
  note = {2016},
  howpublished = {\url{https://atlas.web.cern.ch/Atlas/GROUPS/DATAPREPARATION/DataSummary/2016/records.py}}
}

@article{Aad:2015uka,
      author         = "Aad, Georges and others",
      title          = "{Search for Higgs boson pair production in the
                        $b\bar{b}b\bar{b}$ final state from pp collisions at
                        $\sqrt{s} = 8$ TeVwith the ATLAS detector}",
      collaboration  = "ATLAS",
      journal        = "Eur. Phys. J.",
      volume         = "C75",
      year           = "2015",
      number         = "9",
      pages          = "412",
      doi            = "10.1140/epjc/s10052-015-3628-x",
      eprint         = "1506.00285",
      archivePrefix  = "arXiv",
      primaryClass   = "hep-ex",
      reportNumber   = "CERN-PH-EP-2015-099",
      SLACcitation   = "%%CITATION = ARXIV:1506.00285;%%"
}

@article{Aad:2014yja,
      author         = "Aad, Georges and others",
      title          = "{Search For Higgs Boson Pair Production in the
                        $\gamma\gamma b\bar{b}$ Final State using $pp$ Collision
                        Data at $\sqrt{s}=8$ TeV from the ATLAS Detector}",
      collaboration  = "ATLAS",
      journal        = "Phys. Rev. Lett.",
      volume         = "114",
      year           = "2015",
      number         = "8",
      pages          = "081802",
      doi            = "10.1103/PhysRevLett.114.081802",
      eprint         = "1406.5053",
      archivePrefix  = "arXiv",
      primaryClass   = "hep-ex",
      reportNumber   = "CERN-PH-EP-2014-113",
      SLACcitation   = "%%CITATION = ARXIV:1406.5053;%%"
}
@article{Collins:1989gx,
      author         = "Collins, John C. and Soper, Davison E. and Sterman,
                        George F.",
      title          = "{Factorization of Hard Processes in QCD}",
      journal        = "Adv. Ser. Direct. High Energy Phys.",
      volume         = "5",
      year           = "1989",
      pages          = "1-91",
      doi            = "10.1142/9789814503266\_0001",
      eprint         = "hep-ph/0409313",
      archivePrefix  = "arXiv",
      primaryClass   = "hep-ph",
      reportNumber   = "ITP-SB-89-31",
      SLACcitation   = "%%CITATION = HEP-PH/0409313;%%"
}
@book{Kuhlen:390284,
      author        = "Kuhlen, Michael",
      title         = "{QCD at HERA: the hadronic final state in deep inelastic
                       scattering}",
      publisher     = "Springer",
      address       = "Berlin",
      series        = "Springer tracts in modern physics",
      year          = "1999",
      url           = "https://cds.cern.ch/record/390284",
}
@Article{Aad2015-pdf,
author="{The ATLAS collaboration}
and Aad, G.
and Abbott, B.
and Abdallah, J.
and Abdel Khalek, S.
and Abdinov, O.
and Aben, R.
and Abi, B.
and Abolins, M.
and AbouZeid, O. S.
and Abramowicz, H.
and Abreu, H.
and Abreu, R.
and Abulaiti, Y.
and Acharya, B. S.
and Adamczyk, L.
and Adams, D. L.
and Adelman, J.
and Adomeit, S.
and Adye, T.
and Agatonovic-Jovin, T.
and Aguilar-Saavedra, J. A.
and Agustoni, M.
and Ahlen, S. P.
and Ahmadov, F.
and Aielli, G.
and Akerstedt, H.
and {\AA}kesson, T. P. A.
and Akimoto, G.
and Akimov, A. V.
and Alberghi, G. L.
and Albert, J.
and Albrand, S.
and Alconada Verzini, M. J.
and Aleksa, M.
and Aleksandrov, I. N.
and Alexa, C.
and Alexander, G.
and Alexandre, G.
and Alexopoulos, T.
and Alhroob, M.
and Alimonti, G.
and Alio, L.
and Alison, J.
and Allbrooke, B. M. M.
and Allison, L. J.
and Allport, P. P.
and Almond, J.
and Aloisio, A.
and Alonso, A.
and Alonso, F.
and Alpigiani, C.
and Altheimer, A.
and Alvarez Gonzalez, B.
and Alviggi, M. G.
and Amako, K.
and Amaral Coutinho, Y.
and Amelung, C.
and Amidei, D.
and Amor Dos Santos, S. P.
and Amorim, A.
and Amoroso, S.
and Amram, N.
and Amundsen, G.
and Anastopoulos, C.
and Ancu, L. S.
and Andari, N.
and Andeen, T.
and Anders, C. F.
and Anders, G.
and Anderson, K. J.
and Andreazza, A.
and Andrei, V.
and Anduaga, X. S.
and Angelidakis, S.
and Angelozzi, I.
and Anger, P.
and Angerami, A.
and Anghinolfi, F.
and Anisenkov, A. V.
and Anjos, N.
and Annovi, A.
and Antonaki, A.
and Antonelli, M.
and Antonov, A.
and Antos, J.
and Anulli, F.
and Aoki, M.
and Aperio Bella, L.
and Apolle, R.
and Arabidze, G.
and Aracena, I.
and Arai, Y.
and Araque, J. P.
and Arce, A. T. H.
and Arguin, J-F.
and Argyropoulos, S.
and Arik, M.
and Armbruster, A. J.
and Arnaez, O.
and Arnal, V.
and Arnold, H.
and Arratia, M.
and Arslan, O.
and Artamonov, A.
and Artoni, G.
and Asai, S.
and Asbah, N.
and Ashkenazi, A.
and {\AA}sman, B.
and Asquith, L.
and Assamagan, K.
and Astalos, R.
and Atkinson, M.
and Atlay, N. B.
and Auerbach, B.
and Augsten, K.
and Aurousseau, M.
and Avolio, G.
and Azuelos, G.
and Azuma, Y.
and Baak, M. A.
and Baas, A.
and Bacci, C.
and Bachacou, H.
and Bachas, K.
and Backes, M.
and Backhaus, M.
and Backus Mayes, J.
and Badescu, E.
and Bagiacchi, P.
and Bagnaia, P.
and Bai, Y.
and Bain, T.
and Baines, J. T.
and Baker, O. K.
and Balek, P.
and Balli, F.
and Banas, E.
and Banerjee, Sw.
and Bannoura, A. A. E.
and Bansal, V.
and Bansil, H. S.
and Barak, L.
and Baranov, S. P.
and Barberio, E. L.
and Barberis, D.
and Barbero, M.
and Barillari, T.
and Barisonzi, M.
and Barklow, T.
and Barlow, N.
and Barnett, B. M.
and Barnett, R. M.
and Barnovska, Z.
and Baroncelli, A.
and Barone, G.
and Barr, A. J.
and Barreiro, F.
and Barreiro Guimar{\~a}es da Costa, J.
and Bartoldus, R.
and Barton, A. E.
and Bartos, P.
and Bartsch, V.
and Bassalat, A.
and Basye, A.
and Bates, R. L.
and Batley, J. R.
and Battaglia, M.
and Battistin, M.
and Bauer, F.
and Bawa, H. S.
and Beattie, M. D.
and Beau, T.
and Beauchemin, P. H.
and Beccherle, R.
and Bechtle, P.
and Beck, H. P.
and Becker, K.
and Becker, S.
and Beckingham, M.
and Becot, C.
and Beddall, A. J.
and Beddall, A.
and Bedikian, S.
and Bednyakov, V. A.
and Bee, C. P.
and Beemster, L. J.
and Beermann, T. A.
and Begel, M.
and Behr, K.
and Belanger-Champagne, C.
and Bell, P. J.
and Bell, W. H.
and Bella, G.
and Bellagamba, L.
and Bellerive, A.
and Bellomo, M.
and Belotskiy, K.
and Beltramello, O.
and Benary, O.
and Benchekroun, D.
and Bendtz, K.
and Benekos, N.
and Benhammou, Y.
and Benhar Noccioli, E.
and Benitez Garcia, J. A.
and Benjamin, D. P.
and Bensinger, J. R.
and Benslama, K.
and Bentvelsen, S.
and Berge, D.
and Bergeaas Kuutmann, E.
and Berger, N.
and Berghaus, F.
and Beringer, J.
and Bernard, C.
and Bernat, P.
and Bernius, C.
and Bernlochner, F. U.
and Berry, T.
and Berta, P.
and Bertella, C.
and Bertoli, G.
and Bertolucci, F.
and Bertsche, C.
and Bertsche, D.
and Besana, M. I.
and Besjes, G. J.
and Bessidskaia Bylund, O.
and Bessner, M.
and Besson, N.
and Betancourt, C.
and Bethke, S.
and Bhimji, W.
and Bianchi, R. M.
and Bianchini, L.
and Bianco, M.
and Biebel, O.
and Bieniek, S. P.
and Bierwagen, K.
and Biesiada, J.
and Biglietti, M.
and Bilbao De Mendizabal, J.
and Bilokon, H.
and Bindi, M.
and Binet, S.
and Bingul, A.
and Bini, C.
and Black, C. W.
and Black, J. E.
and Black, K. M.
and Blackburn, D.
and Blair, R. E.
and Blanchard, J.-B.
and Blazek, T.
and Bloch, I.
and Blocker, C.
and Blum, W.
and Blumenschein, U.
and Bobbink, G. J.
and Bobrovnikov, V. S.
and Bocchetta, S. S.
and Bocci, A.
and Bock, C.
and Boddy, C. R.
and Boehler, M.
and Boek, T. T.
and Bogaerts, J. A.
and Bogdanchikov, A. G.
and Bogouch, A.
and Bohm, C.
and Bohm, J.
and Boisvert, V.
and Bold, T.
and Boldea, V.
and Boldyrev, A. S.
and Bomben, M.
and Bona, M.
and Boonekamp, M.
and Borisov, A.
and Borissov, G.
and Borri, M.
and Borroni, S.
and Bortfeldt, J.
and Bortolotto, V.
and Bos, K.
and Boscherini, D.
and Bosman, M.
and Boterenbrood, H.
and Boudreau, J.
and Bouffard, J.
and Bouhova-Thacker, E. V.
and Boumediene, D.
and Bourdarios, C.
and Bousson, N.
and Boutouil, S.
and Boveia, A.
and Boyd, J.
and Boyko, I. R.",
title="Measurement of the inclusive jet cross-section in proton-proton collisions at $\sqrt{s}$=7 TeV using 4.5
fb$^{−1}$ of data with the ATLAS detector",
journal="Journal of High Energy Physics",
year="2015",
month="Feb",
day="24",
volume="2015",
number="2",
pages="153",
abstract="The inclusive jet cross-section is measured in proton-proton collisions at a centre-of-mass energy of 7 TeV using a data set corresponding to an integrated luminosity of 4.5 fb−1 collected with the ATLAS detector at the Large Hadron Collider in 2011. Jets are identified using the anti-ktalgorithm with radius parameter values of 0.4 and 0.6. The double-differential cross-sections are presented as a function of the jet transverse momentum and the jet rapidity, covering jet transverse momenta from 100 GeV to 2 TeV. Next-to-leading-order QCD calculations corrected for non-perturbative effects and electroweak effects, as well as Monte Carlo simulations with next-to-leading-order matrix elements interfaced to parton showering, are compared to the measured cross-sections. A quantitative comparison of the measured cross-sections to the QCD calculations using several sets of parton distribution functions is performed.",
issn="1029-8479",
doi="10.1007/JHEP02(2015)153",
url="https://doi.org/10.1007/JHEP02(2015)153"
}
@Article{Khachatryan2016,
author="{The CMS collaboration}
and Khachatryan, V.
and Sirunyan, A. M.
and Tumasyan, A.
and Adam, W.
and Asilar, E.
and Bergauer, T.
and Brandstetter, J.
and Brondolin, E.
and Dragicevic, M.
and Er{\"o}, J.
and Flechl, M.
and Friedl, M.
and Fr{\"u}hwirth, R.
and Ghete, V. M.
and Hartl, C.
and H{\"o}rmann, N.
and Hrubec, J.
and Jeitler, M.
and Kn{\"u}nz, V.
and K{\"o}nig, A.
and Krammer, M.
and Kr{\"a}tschmer, I.
and Liko, D.
and Matsushita, T.
and Mikulec, I.
and Rabady, D.
and Rad, N.
and Rahbaran, B.
and Rohringer, H.
and Schieck, J.
and Sch{\"o}fbeck, R.
and Strauss, J.
and Treberer-Treberspurg, W.
and Waltenberger, W.
and Wulz, C.-E.
and Mossolov, V.
and Shumeiko, N.
and Suarez Gonzalez, J.
and Alderweireldt, S.
and Cornelis, T.
and De Wolf, E. A.
and Janssen, X.
and Knutsson, A.
and Lauwers, J.
and Luyckx, S.
and Van De Klundert, M.
and Van Haevermaet, H.
and Van Mechelen, P.
and Van Remortel, N.
and Van Spilbeeck, A.
and Abu Zeid, S.
and Blekman, F.
and D'Hondt, J.
and Daci, N.
and De Bruyn, I.
and Deroover, K.
and Heracleous, N.
and Keaveney, J.
and Lowette, S.
and Moreels, L.
and Olbrechts, A.
and Python, Q.
and Strom, D.
and Tavernier, S.
and Van Doninck, W.
and Van Mulders, P.
and Van Onsem, G. P.
and Van Parijs, I.
and Barria, P.
and Brun, H.
and Caillol, C.
and Clerbaux, B.
and De Lentdecker, G.
and Fang, W.
and Fasanella, G.
and Favart, L.
and Goldouzian, R.
and Grebenyuk, A.
and Karapostoli, G.
and Lenzi, T.
and L{\'e}onard, A.
and Maerschalk, T.
and Marinov, A.
and Perni{\`e}, L.
and Randle-conde, A.
and Seva, T.
and Vander Velde, C.
and Vanlaer, P.
and Yonamine, R.
and Zenoni, F.
and Zhang, F.
and Beernaert, K.
and Benucci, L.
and Cimmino, A.
and Crucy, S.
and Dobur, D.
and Fagot, A.
and Garcia, G.
and Gul, M.
and Mccartin, J.
and Ocampo Rios, A. A.
and Poyraz, D.
and Ryckbosch, D.
and Salva, S.
and Sigamani, M.
and Tytgat, M.
and Van Driessche, W.
and Yazgan, E.
and Zaganidis, N.
and Basegmez, S.
and Beluffi, C.
and Bondu, O.
and Brochet, S.
and Bruno, G.
and Caudron, A.
and Ceard, L.
and Delaere, C.
and Favart, D.
and Forthomme, L.
and Giammanco, A.
and Jafari, A.
and Jez, P.
and Komm, M.
and Lemaitre, V.
and Mertens, A.
and Musich, M.
and Nuttens, C.
and Perrini, L.
and Piotrzkowski, K.
and Popov, A.
and Quertenmont, L.
and Selvaggi, M.
and Vidal Marono, M.
and Beliy, N.
and Hammad, G. H.
and Ald{\'a} J{\'u}nior, W. L.
and Alves, F. L.
and Alves, G. A.
and Brito, L.
and Correa Martins Junior, M.
and Hamer, M.
and Hensel, C.
and Moraes, A.
and Pol, M. E.
and Rebello Teles, P.
and Belchior Batista Das Chagas, E.
and Carvalho, W.
and Chinellato, J.
and Cust{\'o}dio, A.
and Da Costa, E. M.
and De Jesus Damiao, D.
and De Oliveira Martins, C.
and Fonseca De Souza, S.
and Huertas Guativa, L. M.
and Malbouisson, H.
and Matos Figueiredo, D.
and Mora Herrera, C.
and Mundim, L.
and Nogima, H.
and Prado Da Silva, W. L.
and Santoro, A.
and Sznajder, A.
and Tonelli Manganote, E. J.
and Vilela Pereira, A.
and Ahuja, S.
and Bernardes, C. A.
and De Souza Santos, A.
and Dogra, S.
and Fernandez Perez Tomei, T. R.
and Gregores, E. M.
and Mercadante, P. G.
and Moon, C. S.
and Novaes, S. F.
and Padula, Sandra S.
and Romero Abad, D.
and Ruiz Vargas, J. C.
and Aleksandrov, A.
and Hadjiiska, R.
and Iaydjiev, P.
and Rodozov, M.
and Stoykova, S.
and Sultanov, G.
and Vutova, M.
and Dimitrov, A.
and Glushkov, I.
and Litov, L.
and Pavlov, B.
and Petkov, P.
and Ahmad, M.
and Bian, J. G.
and Chen, G. M.
and Chen, H. S.
and Chen, M.
and Cheng, T.
and Du, R.
and Jiang, C. H.
and Leggat, D.
and Plestina, R.
and Romeo, F.
and Shaheen, S. M.
and Spiezia, A.
and Tao, J.
and Wang, C.
and Wang, Z.
and Zhang, H.
and Asawatangtrakuldee, C.
and Ban, Y.
and Li, J.
and Li, Q.
and Liu, S.
and Mao, Y.
and Qian, S. J.
and Wang, D.
and Xu, Z.
and Avila, C.
and Cabrera, A.
and Chaparro Sierra, L. F.
and Florez, C.
and Gomez, J. P.
and Gomez Moreno, B.
and Sanabria, J. C.
and Godinovic, N.
and Lelas, D.
and Puljak, I.
and Ribeiro Cipriano, P. M.
and Antunovic, Z.
and Kovac, M.
and Brigljevic, V.
and Kadija, K.
and Luetic, J.
and Micanovic, S.
and Sudic, L.
and Attikis, A.
and Mavromanolakis, G.
and Mousa, J.
and Nicolaou, C.
and Ptochos, F.
and Razis, P. A.
and Rykaczewski, H.
and Bodlak, M.
and Finger, M.
and Finger, M.
and Abdelalim, A. A.
and Awad, A.
and Mahrous, A.
and Radi, A.
and Calpas, B.
and Kadastik, M.
and Murumaa, M.
and Raidal, M.
and Tiko, A.
and Veelken, C.
and Eerola, P.
and Pekkanen, J.
and Voutilainen, M.
and H{\"a}rk{\"o}nen, J.
and Karim{\"a}ki, V.
and Kinnunen, R.
and Lamp{\'e}n, T.
and Lassila-Perini, K.
and Lehti, S.
and Lind{\'e}n, T.
and Luukka, P.
and Peltola, T.
and Tuominiemi, J.
and Tuovinen, E.
and Wendland, L.
and Talvitie, J.
and Tuuva, T.
and Besancon, M.
and Couderc, F.
and Dejardin, M.
and Denegri, D.
and Fabbro, B.
and Faure, J. L.
and Favaro, C.
and Ferri, F.
and Ganjour, S.
and Givernaud, A.
and Gras, P.
and Hamel de Monchenault, G.
and Jarry, P.
and Locci, E.
and Machet, M.
and Malcles, J.
and Rander, J.
and Rosowsky, A.
and Titov, M.
and Zghiche, A.
and Abdulsalam, A.
and Antropov, I.
and Baffioni, S.
and Beaudette, F.
and Busson, P.
and Cadamuro, L.
and Chapon, E.
and Charlot, C.
and Davignon, O.
and Filipovic, N.",
title="Measurement of electroweak production of a W boson and two forward jets in proton-proton collisions at
$\sqrt{s}$=8 TeV",
journal="Journal of High Energy Physics",
year="2016",
month="Nov",
day="24",
volume="2016",
number="11",
pages="147",
abstract="A measurement is presented of the cross section for the electroweak production of a W boson in association with two jets in proton-proton collisions at a center-of-mass energy of 8 TeV. The data set was collected with the CMS detector and corresponds to an integrated luminosity of 19.3 fb−1. The measured fiducial cross section for W bosons decaying to electrons or muons and for pTj1 > 60 GeV, pTj2 > 50 GeV, |$\eta$j| < 4.7, and mjj > 1000 GeV is 0.42 {\textpm} 0.04 (stat) {\textpm} 0.09 (syst) {\textpm} 0.01 (lumi) pb. This result is consistent with the standard model leading-order prediction of 0.50 {\textpm} 0.02 (scale) {\textpm} 0.02 (PDF) pb obtained with MadGraph5{\_}amc@nlo 2.1 interfaced to pythia 6.4. This is the first cross section measurement for this process.",
issn="1029-8479",
doi="10.1007/JHEP11(2016)147",
url="https://doi.org/10.1007/JHEP11(2016)147"
}
@Article{Khachatryan2015,
author="Khachatryan, V.
and Sirunyan, A. M.
and Tumasyan, A.
and Adam, W.
and Bergauer, T.
and Dragicevic, M.
and Er{\"o}, J.
and Fabjan, C.
and Friedl, M.
and Fr{\"u}hwirth, R.
and Ghete, V. M.
and Hartl, C.
and H{\"o}rmann, N.
and Hrubec, J.
and Jeitler, M.
and Kiesenhofer, W.
and Kn{\"u}nz, V.
and Krammer, M.
and Kr{\"a}tschmer, I.
and Liko, D.
and Mikulec, I.
and Rabady, D.
and Rahbaran, B.
and Rohringer, H.
and Sch{\"o}fbeck, R.
and Strauss, J.
and Taurok, A.
and Treberer-Treberspurg, W.
and Waltenberger, W.
and Wulz, C.-E.
and Mossolov, V.
and Shumeiko, N.
and Suarez Gonzalez, J.
and Alderweireldt, S.
and Bansal, M.
and Bansal, S.
and Cornelis, T.
and De Wolf, E. A.
and Janssen, X.
and Knutsson, A.
and Luyckx, S.
and Ochesanu, S.
and Roland, B.
and Rougny, R.
and Van De Klundert, M.
and Van Haevermaet, H.
and Van Mechelen, P.
and Van Remortel, N.
and Van Spilbeeck, A.
and Blekman, F.
and Blyweert, S.
and D'Hondt, J.
and Daci, N.
and Heracleous, N.
and Keaveney, J.
and Lowette, S.
and Maes, M.
and Olbrechts, A.
and Python, Q.
and Strom, D.
and Tavernier, S.
and Van Doninck, W.
and Van Mulders, P.
and Van Onsem, G. P.
and Villella, I.
and Caillol, C.
and Clerbaux, B.
and De Lentdecker, G.
and Dobur, D.
and Favart, L.
and Gay, A. P. R.
and Grebenyuk, A.
and L{\'e}onard, A.
and Mohammadi, A.
and Perni{\`e}, L.
and Reis, T.
and Seva, T.
and Thomas, L.
and Vander Velde, C.
and Vanlaer, P.
and Wang, J.
and Adler, V.
and Beernaert, K.
and Benucci, L.
and Cimmino, A.
and Costantini, S.
and Crucy, S.
and Dildick, S.
and Fagot, A.
and Garcia, G.
and Mccartin, J.
and Ocampo Rios, A. A.
and Ryckbosch, D.
and Salva Diblen, S.
and Sigamani, M.
and Strobbe, N.
and Thyssen, F.
and Tytgat, M.
and Yazgan, E.
and Zaganidis, N.
and Basegmez, S.
and Beluffi, C.
and Bruno, G.
and Castello, R.
and Caudron, A.
and Ceard, L.
and Da Silveira, G. G.
and Delaere, C.
and du Pree, T.
and Favart, D.
and Forthomme, L.
and Giammanco, A.
and Hollar, J.
and Jez, P.
and Komm, M.
and Lemaitre, V.
and Nuttens, C.
and Pagano, D.
and Perrini, L.
and Pin, A.
and Piotrzkowski, K.
and Popov, A.
and Quertenmont, L.
and Selvaggi, M.
and Vidal Marono, M.
and Vizan Garcia, J. M.
and Beliy, N.
and Caebergs, T.
and Daubie, E.
and Hammad, G. H.
and J{\'u}nior, W. L. Ald{\'a}
and Alves, G. A.
and Brito, L.
and Correa Martins Junior, M.
and Martins, T. Dos Reis
and Herrera, C. Mora
and Pol, M. E.
and Carvalho, W.
and Chinellato, J.
and Cust{\'o}dio, A.
and Da Costa, E. M.
and De Jesus Damiao, D.
and De Oliveira Martins, C.
and Fonseca De Souza, S.
and Malbouisson, H.
and Matos Figueiredo, D.
and Mundim, L.
and Nogima, H.
and Prado Da Silva, W. L.
and Santaolalla, J.
and Santoro, A.
and Sznajder, A.
and Tonelli Manganote, E. J.
and Vilela Pereira, A.
and Bernardes, C. A.
and Dogra, S.
and Fernandez Perez Tomei, T. R.
and Gregores, E. M.
and Mercadante, P. G.
and Novaes, S. F.
and Padula, Sandra S.
and Aleksandrov, A.
and Genchev, V.
and Iaydjiev, P.
and Marinov, A.
and Piperov, S.
and Rodozov, M.
and Stoykova, S.
and Sultanov, G.
and Tcholakov, V.
and Vutova, M.
and Dimitrov, A.
and Glushkov, I.
and Hadjiiska, R.
and Kozhuharov, V.
and Litov, L.
and Pavlov, B.
and Petkov, P.
and Bian, J. G.
and Chen, G. M.
and Chen, H. S.
and Chen, M.
and Du, R.
and Jiang, C. H.
and Liang, S.
and Plestina, R.
and Tao, J.
and Wang, X.
and Wang, Z.
and Asawatangtrakuldee, C.
and Ban, Y.
and Guo, Y.
and Li, Q.
and Li, W.
and Liu, S.
and Mao, Y.
and Qian, S. J.
and Wang, D.
and Zhang, L.
and Zou, W.
and Avila, C.
and Chaparro Sierra, L. F.
and Florez, C.
and Gomez, J. P.
and Gomez Moreno, B.
and Sanabria, J. C.
and Godinovic, N.
and Lelas, D.
and Polic, D.
and Puljak, I.
and Antunovic, Z.
and Kovac, M.
and Brigljevic, V.
and Kadija, K.
and Luetic, J.
and Mekterovic, D.
and Sudic, L.
and Attikis, A.
and Mavromanolakis, G.
and Mousa, J.
and Nicolaou, C.
and Ptochos, F.
and Razis, P. A.
and Bodlak, M.
and Finger, M.
and Finger, M.
and Assran, Y.
and Kamel, A. Ellithi
and Mahmoud, M. A.
and Radi, A.
and Kadastik, M.
and Murumaa, M.
and Raidal, M.
and Tiko, A.
and Eerola, P.
and Fedi, G.
and Voutilainen, M.
and H{\"a}rk{\"o}nen, J.
and Karim{\"a}ki, V.
and Kinnunen, R.
and Kortelainen, M. J.
and Lamp{\'e}n, T.
and Lassila-Perini, K.
and Lehti, S.
and Lind{\'e}n, T.
and Luukka, P.
and M{\"a}enp{\"a}{\"a}, T.
and Peltola, T.
and Tuominen, E.
and Tuominiemi, J.
and Tuovinen, E.
and Wendland, L.
and Talvitie, J.
and Tuuva, T.
and Besancon, M.
and Couderc, F.
and Dejardin, M.
and Denegri, D.
and Fabbro, B.
and Faure, J. L.
and Favaro, C.
and Ferri, F.
and Ganjour, S.
and Givernaud, A.
and Gras, P.
and Hamel de Monchenault, G.
and Jarry, P.
and Locci, E.
and Malcles, J.
and Rander, J.
and Rosowsky, A.
and Titov, M.
and Baffioni, S.
and Beaudette, F.
and Busson, P.
and Charlot, C.
and Dahms, T.
and Dalchenko, M.
and Dobrzynski, L.
and Filipovic, N.
and Florent, A.
and Granier de Cassagnac, R.
and Mastrolorenzo, L.
and Min{\'e}, P.
and Mironov, C.
and Naranjo, I. N.
and Nguyen, M.
and Ochando, C.
and Paganini, P.
and Regnard, S.
and Salerno, R.
and Sauvan, J. B.
and Sirois, Y.
and Veelken, C.
and Yilmaz, Y.
and Zabi, A.
and Agram, J.-L.
and Andrea, J.
and Aubin, A.
and Bloch, D.",
title="Measurement of electroweak production of two jets in association with a Z boson in proton-proton collisions at $\sqrt{s}$=8 TeV",
journal="The European Physical Journal C",
year="2015",
month="Feb",
day="10",
volume="75",
number="2",
pages="66",
abstract="The purely electroweak (EW) cross section for the production of two jets in association with a Z boson, in proton--proton collisions at {\$}{\$}{\backslash}sqrt{\{}s{\}}=8{\backslash},{\backslash}text {\{}TeV{\}}{\$}{\$}s=8TeV, is measured using data recorded by the CMS experiment at the CERN LHC, corresponding to an integrated luminosity of 19.7{\$}{\$}{\backslash},{\backslash}text {\{}fb{\}}^{\backslash}text {\{}-1{\}}{\$}{\$}fb-1. The electroweak cross section for the {\$}{\$}{\backslash}ell {\backslash}ell {\backslash}mathrm {\{}jj{\}}{\$}{\$}ℓℓjjfinal state (with {\$}{\$}{\backslash}ell = {\backslash}mathrm {\{}e{\}}{\$}{\$}ℓ=eor {\$}{\$}{\backslash}mu {\$}{\$}$\mu$and j representing the quarks produced in the hard interaction) in the kinematic region defined by {\$}{\$}M{\_}{\{}{\backslash}ell {\backslash}ell {\}} >50{\$}{\$}Mℓℓ>50{\$}{\$}{\backslash},{\backslash}text {\{}GeV{\}}{\$}{\$}GeV, {\$}{\$}M{\_}{\backslash}mathrm {\{}jj{\}} >120{\$}{\$}Mjj>120{\$}{\$}{\backslash},{\backslash}text {\{}GeV{\}}{\$}{\$}GeV, transverse momentum {\$}{\$}p{\_}{\backslash}mathrm {\{}T j{\}}> 25{\$}{\$}pTj>25{\$}{\$}{\backslash},{\backslash}text {\{}GeV{\}}{\$}{\$}GeV, and pseudorapidity {\$}{\$}|{\backslash}eta {\_}{\backslash}mathrm {\{}j{\}} |< 5{\$}{\$}|$\eta$j|<5, is found to be {\$}{\$}{\backslash}sigma {\_}{\backslash}mathrm {\{}EW{\}}({\backslash}ell {\backslash}ell {\backslash}mathrm {\{}jj{\}})=174 {\backslash}pm 15{\backslash},{\backslash}text {\{}(stat){\}}{\backslash}pm 40{\backslash},{\backslash}text {\{}(syst){\}}{\backslash}text {\{}{\backslash},fb{\}}{\$}{\$}$\sigma$EW(ℓℓjj)=174{\textpm}15(stat){\textpm}40(syst){\backslash},fb, in agreement with the standard model prediction. The associated jet activity of the selected events is studied, in particular in a signal-enriched region of phase space, and the measurements are found to be in agreement with QCD predictions.",
issn="1434-6052",
doi="10.1140/epjc/s10052-014-3232-5",
url="https://doi.org/10.1140/epjc/s10052-014-3232-5"
}
@book{ellis_stirling_webber_1996, place={Cambridge}, series={Cambridge Monographs on Particle Physics, Nuclear Physics and Cosmology}, title={QCD and Collider Physics}, DOI={10.1017/CBO9780511628788}, publisher={Cambridge University Press}, author={Ellis, R. K. and Stirling, W. J. and Webber, B. R.}, year={1996}, collection={Cambridge Monographs on Particle Physics, Nuclear Physics and Cosmology}}



%---------------------------------------------------------------------------%
